
@InProceedings{Pope2017,
  author        = {Pope, A. S. and Tauritz, D. R. and Kent, A. D.},
  title         = {Evolving Multi-level Graph Partitioning Algorithms},
  booktitle     = {Proceedings of the IEEE Symposium Series on Computational Intelligence (SSCI)},
  year          = {2017},
  __markedentry = {[alan:1]},
  abstract      = {Optimal graph partitioning is a foundational prob-lem in computer science, and appears in many different applications. Multi-level graph partitioning is a state-of-the-art method of efficiently approximating high quality graph partitions. In this work, genetic programming techniques are used to evolve new multi-level graph partitioning heuristics that are tailored to specific applications. Results are presented using these evolved partitioners on traditional random graph models as well as a real-world computer network data set. These results demonstrate an improvement in the quality of the partitions produced over current state-of-the-art methods.},
}

@InProceedings{djidjev2008,
  author        = {Djidjev, H. N.},
  title         = {A Scalable Multilevel Algorithm for Graph Clustering and Community Structure Detection},
  booktitle     = {Proceedings of the International Workshop on Algorithms and Models for the Web-Graph (WAW)},
  year          = {2008},
  pages         = {117--128},
  __markedentry = {[alan:1]},
  abstract      = {One of the most useful measures of cluster quality is the modularity of the partition, which measures the difference between the number of the edges joining vertices from the same cluster and the expected number of such edges in a random (unstructured) graph. In this paper we show that the problem of finding a partition maximizing the modularity of a given graph G can be reduced to a minimum weighted cut problem on a complete graph with the same vertices as G. We then show that the resulted minimum cut problem can be efficiently solved with existing software for graph partitioning and that our algorithm finds clusterings of a better quality and much faster than the existing clustering algorithms},
}

@inproceedings{cintra2019,
  title={},
  author={Cintra, Diego and Valejo, Alan and Lopes, A.A. and Oliveira, M.C.F},
  booktitle={Submitted Graph Drawing and Network Visualization},
  pages={},
  year={2019},
  organization={}
}

@inproceedings{tang,
  title={Line: Large-scale information network embedding},
  author={Tang, Jian and Qu, Meng and Wang, Mingzhe and Zhang, Ming and Yan, Jun and Mei, Qiaozhu},
  booktitle={Proceedings $24^{th}$ International Conference on World Wide Web},
  pages={1067--1077},
  year={2015},
  organization={International World Wide Web Conferences Steering Committee}
}

@article{staudt,
  title={NetworKit: A tool suite for large-scale complex network analysis},
  author={Staudt, Christian L and Sazonovs, Aleksejs and Meyerhenke, Henning},
  journal={Network Science},
  volume={4},
  number={4},
  pages={508--530},
  year={2016},
  publisher={Cambridge University Press}
}
@article{alan1,
  title={A coarsening method for bipartite networks via weight-constrained label propagation},
  author={Valejo, Alan and Faleiros, Thiago and Oliveira, Maria C. F. de and Lopes, Alneu de Andrade},
  year={2019},
}
@article{guillaume,
  title={Bipartite graphs as models of complex networks},
  author={Guillaume, Jean-Loup and Latapy, Matthieu},
  journal={Physica A: Statistical Mechanics and its Applications},
  volume={371},
  number={2},
  pages={795--813},
  year={2006},
  publisher={Elsevier}
}
@article{guillaume0,
  title={Bipartite structure of all complex networks},
  author={Guillaume, Jean-Loup and Latapy, Matthieu},
  journal={Information Processing Letters},
  volume={90},
  number={5},
  pages={215--221},
  year={2004},
  publisher={Elsevier}
}

@article{doc,
  title={Optimizing the class information divergence for transductive classification of texts using propagation in bipartite graphs},
  author={de Paulo Faleiros, Thiago and Rossi, Rafael Geraldeli and de Andrade Lopes, Alneu},
  journal={Pattern Recognition Letters},
  volume={87},
  pages={127--138},
  year={2017},
  publisher={Elsevier}
}

@article{gene,
  title={Robust and efficient identification of biomarkers by classifying features on graphs},
  author={Hwang, TaeHyun and Sicotte, Hugues and Tian, Ze and Wu, Baolin and Kocher, Jean-Pierre and Wigle, Dennis A and Kumar, Vipin and Kuang, Rui},
  journal={Bioinformatics},
  volume={24},
  number={18},
  pages={2023--2029},
  year={2008},
  publisher={Oxford University Press}
}

@inproceedings{movie,
  title={Movies recommendation networks as bipartite graphs},
  author={Gruji{\'c}, Jelena},
  booktitle={International Conference on Computational Science},
  pages={576--583},
  year={2008},
  organization={Springer}
}

@article{sci,
  title={Scientific collaboration networks. I. Network construction and fundamental results},
  author={Newman, Mark EJ},
  journal={Physical review E},
  volume={64},
  number={1},
  pages={016131},
  year={2001},
  publisher={APS}
}

@article{alan2,
  title={Multilevel approach for combinatorial optimization in bipartite network},
  author={Valejo, Alan and  Oliveira, Maria Cristina Ferreira and Geraldo Filho, PR and Andrade Lopes, Alneu},
  journal={Knowledge-Based Systems},
  volume={151},
  pages={45--61},
  year={2018},
  publisher={Elsevier}
}

@inproceedings{ml2,
  title={Multi-level algorithms for modularity clustering},
  author={Noack, Andreas and Rotta, Randolf},
  booktitle={International Symposium on Experimental Algorithms},
  pages={257--268},
  year={2009},
  organization={Springer}
}

@inproceedings{u1,
  title={A fast multi-scale method for drawing large graphs},
  author={Harel, David and Koren, Yehuda},
  booktitle={International Symposium on Graph Drawing},
  pages={183--196},
  year={2000},
  organization={Springer}
}

@inproceedings{u2,
  title={A multilevel algorithm for force-directed graph drawing},
  author={Walshaw, Chris},
  booktitle={International Symposium on Graph Drawing},
  pages={171--182},
  year={2000},
  organization={Springer}
}

@article{u3,
  title={Efficient, high-quality force-directed graph drawing},
  author={Hu, Yifan},
  journal={Mathematica Journal},
  volume={10},
  number={1},
  pages={37--71},
  year={2005},
  publisher={Redwood City, Ca.: Advanced Book Program, Addison-Wesley Pub. Co., c1990-}
}

@inproceedings{u4,
  title={Drawing large graphs with a potential-field-based multilevel algorithm},
  author={Hachul, Stefan and J{\"u}nger, Michael},
  booktitle={International Symposium on Graph Drawing},
  pages={285--295},
  year={2004},
  organization={Springer}
}

@article{u5,
  title={Multi-level graph layout on the GPU},
  author={Frishman, Yaniv and Tal, Ayellet},
  journal={IEEE Transactions on Visualization and Computer Graphics},
  volume={13},
  number={6},
  pages={1310--1319},
  year={2007},
  publisher={IEEE}
}

@article{u6,
  title={Topolayout: Multilevel graph layout by topological features},
  author={Archambault, Daniel and Munzner, Tamara and Auber, David},
  journal={IEEE Transactions on Visualization and Computer Graphics},
  volume={13},
  number={2},
  pages={305--317},
  year={2007},
  publisher={IEEE}
}

@inproceedings{u7,
  title={Vertex-neighboring multilevel force-directed graph drawing},
  author={Toosi, Farshad Ghassemi and Nikolov, Nikola S},
  booktitle={IEEE International Conference on Systems, Man, and Cybernetics (SMC)},
  pages={002996--003001},
  year={2016},
  organization={IEEE}
}

@inproceedings{u8,
  title={A distributed multilevel force-directed algorithm},
  author={Arleo, Alessio and Didimo, Walter and Liotta, Giuseppe and Montecchiani, Fabrizio},
  booktitle={International Symposium on Graph Drawing and Network Visualization},
  pages={3--17},
  year={2016},
  organization={Springer}
}

@inproceedings{u9,
  title={An experimental evaluation of multilevel layout methods},
  author={Bartel, Gereon and Gutwenger, Carsten and Klein, Karsten and Mutzel, Petra},
  booktitle={International Symposium on Graph Drawing},
  pages={80--91},
  year={2010},
  organization={Springer}
}

@inproceedings{u10,
  title={MuGDAD: Multilevel graph drawing algorithm in a distributed architecture},
  author={Hinge, Antoine and Richer, Ga{\"e}lle and Auber, David},
  booktitle={Conference on Computer Graphics, Visualization and Computer Vision},
  pages={189},
  year={2017}
}

@article{a1,
  title={Ask-graphview: A large scale graph visualization system},
  author={Abello, James and Van Ham, Frank and Krishnan, Neeraj},
  journal={IEEE Transactions on Visualization and Computer Graphics},
  volume={12},
  number={5},
  pages={669--676},
  year={2006},
  publisher={IEEE}
}

@article{a2,
  title={GrouseFlocks: Steerable exploration of graph hierarchy space},
  author={Archambault, Daniel and Munzner, Tamara and Auber, David},
  journal={IEEE Transactions on Visualization and Computer Graphics},
  volume={14},
  number={4},
  pages={900--913},
  year={2008},
  publisher={IEEE}
}

@inproceedings{a3,
  title={A multi-level middle-out cross-zooming approach for large graph analytics},
  author={Wong, Pak Chung and Mackey, Patrick and Cook, Kristin A and Rohrer, Randall M and Foote, Harlan and Whiting, Mark A},
  booktitle={2009 IEEE Symposium on Visual Analytics Science and Technology},
  pages={147--154},
  year={2009},
  organization={IEEE}
}

@article{a4,
  title={Visual analysis of large graphs using (x, y)-clustering and hybrid visualizations},
  author={Batagelj, Vladimir and Brandenburg, Franz J and Didimo, Walter and Liotta, Giuseppe and Palladino, Pietro and Patrignani, Maurizio},
  journal={IEEE Transactions on Visualization and Computer Graphics},
  volume={17},
  number={11},
  pages={1587--1598},
  year={2010},
  publisher={IEEE}
}

@inproceedings{a5,
  title={A Hierarchical Network Simplification Via Non-Negative Matrix Factorization},
  author={Dias, Markus Diego and Mansour, Moussa Reda and Dias, Fabio and Petronetto, Fabiano and Silva, Cl{\'a}udio Teixeira and Nonato, Luis Gustavo},
  booktitle={30th SIBGRAPI Conference on Graphics, Patterns and Images (SIBGRAPI)},
  pages={119--126},
  year={2017},
  organization={IEEE}
}

@article{a6,
  title={Cornac: Tackling Huge Graph Visualization with Big Data Infrastructure},
  author={Perrot, Alexandre and Auber, David},
  journal={IEEE Transactions on Big Data},
  year={2018},
  publisher={IEEE}
}
@incollection{visAn,
  title={Visual analytics: Definition, process, and challenges},
  author={Keim, Daniel and Andrienko, Gennady and Fekete, Jean-Daniel and G{\"o}rg, Carsten and Kohlhammer, J{\"o}rn and Melan{\c{c}}on, Guy},
  booktitle={Information visualization},
  pages={154--175},
  year={2008},
  publisher={Springer}
}
@misc{bialgs,
  title={Coarsening algorithms for bipartite networks},
  author={Valejo, Alan et al.},
  url="",
  year={2019}
}
@inproceedings{co1,
  title={A multilevel approach for overlapping community detection},
  author={Valejo, Alan and Valverde-Rebaza, Jorge and de Andrade Lopes, Alneu},
  booktitle={Brazilian Conference on Intelligent Systems},
  pages={390--395},
  year={2014},
  organization={IEEE}
}
@book{co2,
  title={Hybrid metaheuristics: an emerging approach to optimization},
  author={Blum, Christian and Roli, Andrea and Sampels, Michael},
  volume={114},
  year={2008},
  publisher={Springer}
}
@misc{yvideo,
  title={Demo video about MlBiNetVis},
  author={Renato, Fabbri},
  url="https://www.youtube.com/watch?v=-d9be7aTkUM",
  year={2019}
}
@misc{mbnvpage,
  title={Public instance of MlBiNetVis},
  author={Renato, Fabbri},
  url="http://rfabbri.vicg.icmc.usp.br:3000/multilevel2/topdown",
  year={2019}
}
@misc{mbnvcode,
  title={MlBiNetVis code},
  author={Renato, Fabbri and Valejo, Alan},
  url="https://github.com/ttm/netText",
  year={2019}
}

@InProceedings{shneiderman1996eyes,
  Title                    = {The Eyes Have It: A Task by Data Type Taxonomy for Information Visualizations},
  Author                   = {B. Shneiderman},
  Booktitle                = {VL'96: Proceedings IEEE Symposium on Visual Languages},
  Year                     = {1996},
  Pages                    = {336-343},
  Publisher                = {IEEE CS Press},
  ISBN                     = {0-8186-7508-X}
}




@article{netD,
  title={Network medicine},
  author={Pawson, Tony and Linding, Rune},
  journal={FEBS letters},
  volume={582},
  number={8},
  pages={1266--1270},
  year={2008},
  publisher={Wiley Online Library}
}
@article{mlCa,
  title={A multiscale statistical mechanical framework integrates biophysical and genomic data to assemble cancer networks},
  author={AlQuraishi, Mohammed and Koytiger, Grigoriy and Jenney, Anne and MacBeath, Gavin and Sorger, Peter K},
  journal={Nature genetics},
  volume={46},
  number={12},
  pages={1363},
  year={2014},
  publisher={Nature Publishing Group}
}
@article{bara,
  title={Network medicine: a network-based approach to human disease},
  author={Barab{\'a}si, Albert-L{\'a}szl{\'o} and Gulbahce, Natali and Loscalzo, Joseph},
  journal={Nature reviews genetics},
  volume={12},
  number={1},
  pages={56},
  year={2011},
  publisher={Nature Publishing Group}
}
@article{shara,
  title={Network-based prediction of protein function},
  author={Sharan, Roded and Ulitsky, Igor and Shamir, Ron},
  journal={Molecular systems biology},
  volume={3},
  number={1},
  pages={88},
  year={2007},
  publisher={EMBO Press}
}
